%YAML 1.1
%TAG !u! tag:unity3d.com,2011:
--- !u!1 &1401024184240893985
GameObject:
  m_ObjectHideFlags: 0
  m_CorrespondingSourceObject: {fileID: 0}
  m_PrefabInstance: {fileID: 0}
  m_PrefabAsset: {fileID: 0}
  serializedVersion: 6
  m_Component:
  - component: {fileID: 1401024184240893986}
  m_Layer: 0
  m_Name: R4
  m_TagString: Untagged
  m_Icon: {fileID: 0}
  m_NavMeshLayer: 0
  m_StaticEditorFlags: 0
  m_IsActive: 1
--- !u!4 &1401024184240893986
Transform:
  m_ObjectHideFlags: 0
  m_CorrespondingSourceObject: {fileID: 0}
  m_PrefabInstance: {fileID: 0}
  m_PrefabAsset: {fileID: 0}
  m_GameObject: {fileID: 1401024184240893985}
  m_LocalRotation: {x: 0, y: 0, z: 0, w: 1}
  m_LocalPosition: {x: 12, y: 0.5, z: 3.3}
  m_LocalScale: {x: 1, y: 1, z: 1}
  m_Children:
  - {fileID: 1401024184398026644}
  - {fileID: 8760497556759274682}
  - {fileID: 8825783064595956988}
  m_Father: {fileID: 0}
  m_RootOrder: 0
  m_LocalEulerAnglesHint: {x: 0, y: 0, z: 0}
--- !u!1 &1401024184398026649
GameObject:
  m_ObjectHideFlags: 0
  m_CorrespondingSourceObject: {fileID: 0}
  m_PrefabInstance: {fileID: 0}
  m_PrefabAsset: {fileID: 0}
  serializedVersion: 6
  m_Component:
  - component: {fileID: 1401024184398026644}
  - component: {fileID: 1401024184398026651}
  - component: {fileID: 1401024184398026650}
  m_Layer: 0
  m_Name: R4
  m_TagString: Untagged
  m_Icon: {fileID: 0}
  m_NavMeshLayer: 0
  m_StaticEditorFlags: 0
  m_IsActive: 1
--- !u!4 &1401024184398026644
Transform:
  m_ObjectHideFlags: 0
  m_CorrespondingSourceObject: {fileID: 0}
  m_PrefabInstance: {fileID: 0}
  m_PrefabAsset: {fileID: 0}
  m_GameObject: {fileID: 1401024184398026649}
  m_LocalRotation: {x: -0, y: -0, z: -0, w: 1}
  m_LocalPosition: {x: 0, y: 0, z: 0}
  m_LocalScale: {x: 2, y: 0.01, z: 2}
  m_Children: []
  m_Father: {fileID: 1401024184240893986}
  m_RootOrder: 0
  m_LocalEulerAnglesHint: {x: 0, y: 0, z: 0}
--- !u!33 &1401024184398026651
MeshFilter:
  m_ObjectHideFlags: 0
  m_CorrespondingSourceObject: {fileID: 0}
  m_PrefabInstance: {fileID: 0}
  m_PrefabAsset: {fileID: 0}
  m_GameObject: {fileID: 1401024184398026649}
  m_Mesh: {fileID: 10206, guid: 0000000000000000e000000000000000, type: 0}
--- !u!23 &1401024184398026650
MeshRenderer:
  m_ObjectHideFlags: 0
  m_CorrespondingSourceObject: {fileID: 0}
  m_PrefabInstance: {fileID: 0}
  m_PrefabAsset: {fileID: 0}
  m_GameObject: {fileID: 1401024184398026649}
  m_Enabled: 1
  m_CastShadows: 1
  m_ReceiveShadows: 1
  m_DynamicOccludee: 1
  m_MotionVectors: 1
  m_LightProbeUsage: 1
  m_ReflectionProbeUsage: 1
  m_RenderingLayerMask: 1
  m_RendererPriority: 0
  m_Materials:
  - {fileID: 2100000, guid: 405e6986026aa8448a1fa105e11a777c, type: 2}
  m_StaticBatchInfo:
    firstSubMesh: 0
    subMeshCount: 0
  m_StaticBatchRoot: {fileID: 0}
  m_ProbeAnchor: {fileID: 0}
  m_LightProbeVolumeOverride: {fileID: 0}
  m_ScaleInLightmap: 1
  m_PreserveUVs: 0
  m_IgnoreNormalsForChartDetection: 0
  m_ImportantGI: 0
  m_StitchLightmapSeams: 0
  m_SelectedEditorRenderState: 3
  m_MinimumChartSize: 4
  m_AutoUVMaxDistance: 0.5
  m_AutoUVMaxAngle: 89
  m_LightmapParameters: {fileID: 0}
  m_SortingLayerID: 0
  m_SortingLayer: 0
  m_SortingOrder: 0
--- !u!1001 &1401024184081139182
PrefabInstance:
  m_ObjectHideFlags: 0
  serializedVersion: 2
  m_Modification:
    m_TransformParent: {fileID: 1401024184240893986}
    m_Modifications:
    - target: {fileID: 7568874206029791505, guid: d1a80857c706aa741a6ad24081610638,
        type: 3}
      propertyPath: m_Name
      value: Connections
      objectReference: {fileID: 0}
    - target: {fileID: 7568874206029791506, guid: d1a80857c706aa741a6ad24081610638,
        type: 3}
      propertyPath: m_LocalPosition.x
      value: 0
      objectReference: {fileID: 0}
    - target: {fileID: 7568874206029791506, guid: d1a80857c706aa741a6ad24081610638,
        type: 3}
      propertyPath: m_LocalPosition.y
      value: 0
      objectReference: {fileID: 0}
    - target: {fileID: 7568874206029791506, guid: d1a80857c706aa741a6ad24081610638,
        type: 3}
      propertyPath: m_LocalPosition.z
      value: 0
      objectReference: {fileID: 0}
    - target: {fileID: 7568874206029791506, guid: d1a80857c706aa741a6ad24081610638,
        type: 3}
      propertyPath: m_LocalRotation.x
      value: -0
      objectReference: {fileID: 0}
    - target: {fileID: 7568874206029791506, guid: d1a80857c706aa741a6ad24081610638,
        type: 3}
      propertyPath: m_LocalRotation.y
      value: -0
      objectReference: {fileID: 0}
    - target: {fileID: 7568874206029791506, guid: d1a80857c706aa741a6ad24081610638,
        type: 3}
      propertyPath: m_LocalRotation.z
      value: -0
      objectReference: {fileID: 0}
    - target: {fileID: 7568874206029791506, guid: d1a80857c706aa741a6ad24081610638,
        type: 3}
      propertyPath: m_LocalRotation.w
      value: 1
      objectReference: {fileID: 0}
    - target: {fileID: 7568874206029791506, guid: d1a80857c706aa741a6ad24081610638,
        type: 3}
      propertyPath: m_RootOrder
      value: 2
      objectReference: {fileID: 0}
    - target: {fileID: 7568874206029791506, guid: d1a80857c706aa741a6ad24081610638,
        type: 3}
      propertyPath: m_LocalEulerAnglesHint.x
      value: 0
      objectReference: {fileID: 0}
    - target: {fileID: 7568874206029791506, guid: d1a80857c706aa741a6ad24081610638,
        type: 3}
      propertyPath: m_LocalEulerAnglesHint.y
      value: 0
      objectReference: {fileID: 0}
    - target: {fileID: 7568874206029791506, guid: d1a80857c706aa741a6ad24081610638,
        type: 3}
      propertyPath: m_LocalEulerAnglesHint.z
      value: 0
      objectReference: {fileID: 0}
    m_RemovedComponents: []
  m_SourcePrefab: {fileID: 100100000, guid: d1a80857c706aa741a6ad24081610638, type: 3}
--- !u!4 &8825783064595956988 stripped
Transform:
  m_CorrespondingSourceObject: {fileID: 7568874206029791506, guid: d1a80857c706aa741a6ad24081610638,
    type: 3}
  m_PrefabInstance: {fileID: 1401024184081139182}
  m_PrefabAsset: {fileID: 0}
--- !u!1001 &1401024185424936130
PrefabInstance:
  m_ObjectHideFlags: 0
  serializedVersion: 2
  m_Modification:
    m_TransformParent: {fileID: 1401024184240893986}
    m_Modifications:
    - target: {fileID: 7701993250855060568, guid: af8a363fdbd21b0459d607f7f7b3733b,
        type: 3}
      propertyPath: m_Name
      value: Vivi Variant
      objectReference: {fileID: 0}
    - target: {fileID: 7701993250855032952, guid: af8a363fdbd21b0459d607f7f7b3733b,
        type: 3}
      propertyPath: m_LocalPosition.x
      value: 0
      objectReference: {fileID: 0}
    - target: {fileID: 7701993250855032952, guid: af8a363fdbd21b0459d607f7f7b3733b,
        type: 3}
      propertyPath: m_LocalPosition.y
      value: 0
      objectReference: {fileID: 0}
    - target: {fileID: 7701993250855032952, guid: af8a363fdbd21b0459d607f7f7b3733b,
        type: 3}
      propertyPath: m_LocalPosition.z
      value: 0
      objectReference: {fileID: 0}
    - target: {fileID: 7701993250855032952, guid: af8a363fdbd21b0459d607f7f7b3733b,
        type: 3}
      propertyPath: m_LocalRotation.x
      value: 0
      objectReference: {fileID: 0}
    - target: {fileID: 7701993250855032952, guid: af8a363fdbd21b0459d607f7f7b3733b,
        type: 3}
      propertyPath: m_LocalRotation.y
      value: -0.7071068
      objectReference: {fileID: 0}
    - target: {fileID: 7701993250855032952, guid: af8a363fdbd21b0459d607f7f7b3733b,
        type: 3}
      propertyPath: m_LocalRotation.z
      value: 0
      objectReference: {fileID: 0}
    - target: {fileID: 7701993250855032952, guid: af8a363fdbd21b0459d607f7f7b3733b,
        type: 3}
      propertyPath: m_LocalRotation.w
      value: 0.7071068
      objectReference: {fileID: 0}
    - target: {fileID: 7701993250855032952, guid: af8a363fdbd21b0459d607f7f7b3733b,
        type: 3}
      propertyPath: m_RootOrder
      value: 1
      objectReference: {fileID: 0}
    - target: {fileID: 7701993250855032952, guid: af8a363fdbd21b0459d607f7f7b3733b,
        type: 3}
      propertyPath: m_LocalEulerAnglesHint.x
      value: 0
      objectReference: {fileID: 0}
    - target: {fileID: 7701993250855032952, guid: af8a363fdbd21b0459d607f7f7b3733b,
        type: 3}
      propertyPath: m_LocalEulerAnglesHint.y
      value: -90
      objectReference: {fileID: 0}
    - target: {fileID: 7701993250855032952, guid: af8a363fdbd21b0459d607f7f7b3733b,
        type: 3}
      propertyPath: m_LocalEulerAnglesHint.z
      value: 0
      objectReference: {fileID: 0}
    m_RemovedComponents: []
  m_SourcePrefab: {fileID: 100100000, guid: af8a363fdbd21b0459d607f7f7b3733b, type: 3}
--- !u!4 &8760497556759274682 stripped
Transform:
  m_CorrespondingSourceObject: {fileID: 7701993250855032952, guid: af8a363fdbd21b0459d607f7f7b3733b,
    type: 3}
  m_PrefabInstance: {fileID: 1401024185424936130}
  m_PrefabAsset: {fileID: 0}
