%YAML 1.1
%TAG !u! tag:unity3d.com,2011:
--- !u!1 &349090335282338081
GameObject:
  m_ObjectHideFlags: 0
  m_CorrespondingSourceObject: {fileID: 0}
  m_PrefabInstance: {fileID: 0}
  m_PrefabAsset: {fileID: 0}
  serializedVersion: 6
  m_Component:
  - component: {fileID: 1663149456213809374}
  - component: {fileID: 1508496956065485997}
  - component: {fileID: 4246391905865401574}
  m_Layer: 5
  m_Name: Retaguardia
  m_TagString: Untagged
  m_Icon: {fileID: 0}
  m_NavMeshLayer: 0
  m_StaticEditorFlags: 0
  m_IsActive: 1
--- !u!224 &1663149456213809374
RectTransform:
  m_ObjectHideFlags: 0
  m_CorrespondingSourceObject: {fileID: 0}
  m_PrefabInstance: {fileID: 0}
  m_PrefabAsset: {fileID: 0}
  m_GameObject: {fileID: 349090335282338081}
  m_LocalRotation: {x: -0, y: -0, z: -0, w: 1}
  m_LocalPosition: {x: 0, y: 0, z: 0}
  m_LocalScale: {x: 1, y: 1, z: 1}
  m_Children:
  - {fileID: 4079502170279510254}
  - {fileID: 5787615203648773865}
  m_Father: {fileID: 2346618022401323261}
  m_RootOrder: 1
  m_LocalEulerAnglesHint: {x: 0, y: 0, z: 0}
  m_AnchorMin: {x: 0, y: 1}
  m_AnchorMax: {x: 0, y: 1}
  m_AnchoredPosition: {x: 150, y: -200}
  m_SizeDelta: {x: 250, y: 80}
  m_Pivot: {x: 0.5, y: 0.5}
--- !u!222 &1508496956065485997
CanvasRenderer:
  m_ObjectHideFlags: 0
  m_CorrespondingSourceObject: {fileID: 0}
  m_PrefabInstance: {fileID: 0}
  m_PrefabAsset: {fileID: 0}
  m_GameObject: {fileID: 349090335282338081}
  m_CullTransparentMesh: 0
--- !u!114 &4246391905865401574
MonoBehaviour:
  m_ObjectHideFlags: 0
  m_CorrespondingSourceObject: {fileID: 0}
  m_PrefabInstance: {fileID: 0}
  m_PrefabAsset: {fileID: 0}
  m_GameObject: {fileID: 349090335282338081}
  m_Enabled: 1
  m_EditorHideFlags: 0
  m_Script: {fileID: -2095666955, guid: f70555f144d8491a825f0804e09c671c, type: 3}
  m_Name: 
  m_EditorClassIdentifier: 
  m_Padding:
    m_Left: 0
    m_Right: 0
    m_Top: 0
    m_Bottom: 0
  m_ChildAlignment: 4
  m_StartCorner: 0
  m_StartAxis: 0
  m_CellSize: {x: 75, y: 75}
  m_Spacing: {x: 15, y: 0}
  m_Constraint: 1
  m_ConstraintCount: 3
--- !u!1 &2823195234413241820
GameObject:
  m_ObjectHideFlags: 0
  m_CorrespondingSourceObject: {fileID: 0}
  m_PrefabInstance: {fileID: 0}
  m_PrefabAsset: {fileID: 0}
  serializedVersion: 6
  m_Component:
  - component: {fileID: 8279322421003404788}
  - component: {fileID: 2948256108529598198}
  - component: {fileID: 1611681749504285732}
  - component: {fileID: 5983600527164323486}
  m_Layer: 5
  m_Name: 2-2
  m_TagString: Untagged
  m_Icon: {fileID: 0}
  m_NavMeshLayer: 0
  m_StaticEditorFlags: 0
  m_IsActive: 1
--- !u!224 &8279322421003404788
RectTransform:
  m_ObjectHideFlags: 0
  m_CorrespondingSourceObject: {fileID: 0}
  m_PrefabInstance: {fileID: 0}
  m_PrefabAsset: {fileID: 0}
  m_GameObject: {fileID: 2823195234413241820}
  m_LocalRotation: {x: -0, y: -0, z: -0, w: 1}
  m_LocalPosition: {x: 0, y: 0, z: 0}
  m_LocalScale: {x: 1, y: 1, z: 1}
  m_Children:
  - {fileID: 2346618022401323261}
  m_Father: {fileID: 0}
  m_RootOrder: 0
  m_LocalEulerAnglesHint: {x: 0, y: 0, z: 0}
  m_AnchorMin: {x: 0, y: 0}
  m_AnchorMax: {x: 0, y: 0}
  m_AnchoredPosition: {x: 0, y: 0}
  m_SizeDelta: {x: 450, y: 350}
  m_Pivot: {x: 0.5, y: 0.5}
--- !u!222 &2948256108529598198
CanvasRenderer:
  m_ObjectHideFlags: 0
  m_CorrespondingSourceObject: {fileID: 0}
  m_PrefabInstance: {fileID: 0}
  m_PrefabAsset: {fileID: 0}
  m_GameObject: {fileID: 2823195234413241820}
  m_CullTransparentMesh: 0
--- !u!114 &1611681749504285732
MonoBehaviour:
  m_ObjectHideFlags: 0
  m_CorrespondingSourceObject: {fileID: 0}
  m_PrefabInstance: {fileID: 0}
  m_PrefabAsset: {fileID: 0}
  m_GameObject: {fileID: 2823195234413241820}
  m_Enabled: 1
  m_EditorHideFlags: 0
  m_Script: {fileID: -765806418, guid: f70555f144d8491a825f0804e09c671c, type: 3}
  m_Name: 
  m_EditorClassIdentifier: 
  m_Material: {fileID: 0}
  m_Color: {r: 1, g: 1, b: 1, a: 0.392}
  m_RaycastTarget: 1
  m_OnCullStateChanged:
    m_PersistentCalls:
      m_Calls: []
    m_TypeName: UnityEngine.UI.MaskableGraphic+CullStateChangedEvent, UnityEngine.UI,
      Version=1.0.0.0, Culture=neutral, PublicKeyToken=null
  m_Sprite: {fileID: 10907, guid: 0000000000000000f000000000000000, type: 0}
  m_Type: 1
  m_PreserveAspect: 0
  m_FillCenter: 1
  m_FillMethod: 4
  m_FillAmount: 1
  m_FillClockwise: 1
  m_FillOrigin: 0
  m_UseSpriteMesh: 0
--- !u!114 &5983600527164323486
MonoBehaviour:
  m_ObjectHideFlags: 0
  m_CorrespondingSourceObject: {fileID: 0}
  m_PrefabInstance: {fileID: 0}
  m_PrefabAsset: {fileID: 0}
  m_GameObject: {fileID: 2823195234413241820}
  m_Enabled: 1
  m_EditorHideFlags: 0
  m_Script: {fileID: -2095666955, guid: f70555f144d8491a825f0804e09c671c, type: 3}
  m_Name: 
  m_EditorClassIdentifier: 
  m_Padding:
    m_Left: 0
    m_Right: 0
    m_Top: 0
    m_Bottom: 0
  m_ChildAlignment: 4
  m_StartCorner: 0
  m_StartAxis: 0
  m_CellSize: {x: 300, y: 300}
  m_Spacing: {x: 10, y: 20}
  m_Constraint: 2
  m_ConstraintCount: 1
--- !u!1 &7996139622341171639
GameObject:
  m_ObjectHideFlags: 0
  m_CorrespondingSourceObject: {fileID: 0}
  m_PrefabInstance: {fileID: 0}
  m_PrefabAsset: {fileID: 0}
  serializedVersion: 6
  m_Component:
  - component: {fileID: 56259183809367226}
  - component: {fileID: 1753002557874200232}
  - component: {fileID: 7871647420465694627}
  m_Layer: 5
  m_Name: Vanguardia
  m_TagString: Untagged
  m_Icon: {fileID: 0}
  m_NavMeshLayer: 0
  m_StaticEditorFlags: 0
  m_IsActive: 1
--- !u!224 &56259183809367226
RectTransform:
  m_ObjectHideFlags: 0
  m_CorrespondingSourceObject: {fileID: 0}
  m_PrefabInstance: {fileID: 0}
  m_PrefabAsset: {fileID: 0}
  m_GameObject: {fileID: 7996139622341171639}
  m_LocalRotation: {x: 0, y: 0, z: 0, w: 1}
  m_LocalPosition: {x: 0, y: 0, z: 0}
  m_LocalScale: {x: 1, y: 1, z: 1}
  m_Children:
  - {fileID: 5520739660659599027}
  - {fileID: 1919603237490822293}
  m_Father: {fileID: 2346618022401323261}
  m_RootOrder: 0
  m_LocalEulerAnglesHint: {x: 0, y: 0, z: 0}
  m_AnchorMin: {x: 0, y: 1}
  m_AnchorMax: {x: 0, y: 1}
  m_AnchoredPosition: {x: 150, y: -95}
  m_SizeDelta: {x: 250, y: 80}
  m_Pivot: {x: 0.5, y: 0.5}
--- !u!222 &1753002557874200232
CanvasRenderer:
  m_ObjectHideFlags: 0
  m_CorrespondingSourceObject: {fileID: 0}
  m_PrefabInstance: {fileID: 0}
  m_PrefabAsset: {fileID: 0}
  m_GameObject: {fileID: 7996139622341171639}
  m_CullTransparentMesh: 0
--- !u!114 &7871647420465694627
MonoBehaviour:
  m_ObjectHideFlags: 0
  m_CorrespondingSourceObject: {fileID: 0}
  m_PrefabInstance: {fileID: 0}
  m_PrefabAsset: {fileID: 0}
  m_GameObject: {fileID: 7996139622341171639}
  m_Enabled: 1
  m_EditorHideFlags: 0
  m_Script: {fileID: -2095666955, guid: f70555f144d8491a825f0804e09c671c, type: 3}
  m_Name: 
  m_EditorClassIdentifier: 
  m_Padding:
    m_Left: 0
    m_Right: 0
    m_Top: 0
    m_Bottom: 0
  m_ChildAlignment: 4
  m_StartCorner: 0
  m_StartAxis: 0
  m_CellSize: {x: 75, y: 75}
  m_Spacing: {x: 15, y: 0}
  m_Constraint: 1
  m_ConstraintCount: 3
--- !u!1 &9093526974561673871
GameObject:
  m_ObjectHideFlags: 0
  m_CorrespondingSourceObject: {fileID: 0}
  m_PrefabInstance: {fileID: 0}
  m_PrefabAsset: {fileID: 0}
  serializedVersion: 6
  m_Component:
  - component: {fileID: 2346618022401323261}
  - component: {fileID: 5206472325795527198}
  - component: {fileID: 5975211518085015986}
  m_Layer: 5
  m_Name: Background
  m_TagString: Untagged
  m_Icon: {fileID: 0}
  m_NavMeshLayer: 0
  m_StaticEditorFlags: 0
  m_IsActive: 1
--- !u!224 &2346618022401323261
RectTransform:
  m_ObjectHideFlags: 0
  m_CorrespondingSourceObject: {fileID: 0}
  m_PrefabInstance: {fileID: 0}
  m_PrefabAsset: {fileID: 0}
  m_GameObject: {fileID: 9093526974561673871}
  m_LocalRotation: {x: 0, y: 0, z: 0, w: 1}
  m_LocalPosition: {x: 0, y: 0, z: 0}
  m_LocalScale: {x: 1, y: 1, z: 1}
  m_Children:
  - {fileID: 56259183809367226}
  - {fileID: 1663149456213809374}
  m_Father: {fileID: 8279322421003404788}
  m_RootOrder: 0
  m_LocalEulerAnglesHint: {x: 0, y: 0, z: 0}
  m_AnchorMin: {x: 0, y: 0}
  m_AnchorMax: {x: 0, y: 0}
  m_AnchoredPosition: {x: 0, y: 0}
  m_SizeDelta: {x: 0, y: 0}
  m_Pivot: {x: 0.5, y: 0.5}
--- !u!222 &5206472325795527198
CanvasRenderer:
  m_ObjectHideFlags: 0
  m_CorrespondingSourceObject: {fileID: 0}
  m_PrefabInstance: {fileID: 0}
  m_PrefabAsset: {fileID: 0}
  m_GameObject: {fileID: 9093526974561673871}
  m_CullTransparentMesh: 0
--- !u!114 &5975211518085015986
MonoBehaviour:
  m_ObjectHideFlags: 0
  m_CorrespondingSourceObject: {fileID: 0}
  m_PrefabInstance: {fileID: 0}
  m_PrefabAsset: {fileID: 0}
  m_GameObject: {fileID: 9093526974561673871}
  m_Enabled: 1
  m_EditorHideFlags: 0
  m_Script: {fileID: -765806418, guid: f70555f144d8491a825f0804e09c671c, type: 3}
  m_Name: 
  m_EditorClassIdentifier: 
  m_Material: {fileID: 0}
  m_Color: {r: 1, g: 1, b: 1, a: 1}
  m_RaycastTarget: 1
  m_OnCullStateChanged:
    m_PersistentCalls:
      m_Calls: []
    m_TypeName: UnityEngine.UI.MaskableGraphic+CullStateChangedEvent, UnityEngine.UI,
      Version=1.0.0.0, Culture=neutral, PublicKeyToken=null
  m_Sprite: {fileID: 10907, guid: 0000000000000000f000000000000000, type: 0}
  m_Type: 1
  m_PreserveAspect: 0
  m_FillCenter: 1
  m_FillMethod: 4
  m_FillAmount: 1
  m_FillClockwise: 1
  m_FillOrigin: 0
  m_UseSpriteMesh: 0
--- !u!1001 &261712889248112368
PrefabInstance:
  m_ObjectHideFlags: 0
  serializedVersion: 2
  m_Modification:
    m_TransformParent: {fileID: 56259183809367226}
    m_Modifications:
    - target: {fileID: 8711899494983421848, guid: f07839b6e513b9c41b354c358336f3f0,
        type: 3}
      propertyPath: m_Name
      value: V2
      objectReference: {fileID: 0}
    - target: {fileID: 5709527508840413251, guid: f07839b6e513b9c41b354c358336f3f0,
        type: 3}
      propertyPath: m_LocalPosition.x
      value: 0
      objectReference: {fileID: 0}
    - target: {fileID: 5709527508840413251, guid: f07839b6e513b9c41b354c358336f3f0,
        type: 3}
      propertyPath: m_LocalPosition.y
      value: 0
      objectReference: {fileID: 0}
    - target: {fileID: 5709527508840413251, guid: f07839b6e513b9c41b354c358336f3f0,
        type: 3}
      propertyPath: m_LocalPosition.z
      value: 0
      objectReference: {fileID: 0}
    - target: {fileID: 5709527508840413251, guid: f07839b6e513b9c41b354c358336f3f0,
        type: 3}
      propertyPath: m_LocalRotation.x
      value: -0
      objectReference: {fileID: 0}
    - target: {fileID: 5709527508840413251, guid: f07839b6e513b9c41b354c358336f3f0,
        type: 3}
      propertyPath: m_LocalRotation.y
      value: -0
      objectReference: {fileID: 0}
    - target: {fileID: 5709527508840413251, guid: f07839b6e513b9c41b354c358336f3f0,
        type: 3}
      propertyPath: m_LocalRotation.z
      value: -0
      objectReference: {fileID: 0}
    - target: {fileID: 5709527508840413251, guid: f07839b6e513b9c41b354c358336f3f0,
        type: 3}
      propertyPath: m_LocalRotation.w
      value: 1
      objectReference: {fileID: 0}
    - target: {fileID: 5709527508840413251, guid: f07839b6e513b9c41b354c358336f3f0,
        type: 3}
      propertyPath: m_RootOrder
      value: 0
      objectReference: {fileID: 0}
    - target: {fileID: 5709527508840413251, guid: f07839b6e513b9c41b354c358336f3f0,
        type: 3}
      propertyPath: m_LocalEulerAnglesHint.x
      value: 0
      objectReference: {fileID: 0}
    - target: {fileID: 5709527508840413251, guid: f07839b6e513b9c41b354c358336f3f0,
        type: 3}
      propertyPath: m_LocalEulerAnglesHint.y
      value: 0
      objectReference: {fileID: 0}
    - target: {fileID: 5709527508840413251, guid: f07839b6e513b9c41b354c358336f3f0,
        type: 3}
      propertyPath: m_LocalEulerAnglesHint.z
      value: 0
      objectReference: {fileID: 0}
    - target: {fileID: 5709527508840413251, guid: f07839b6e513b9c41b354c358336f3f0,
        type: 3}
      propertyPath: m_AnchoredPosition.x
      value: 0
      objectReference: {fileID: 0}
    - target: {fileID: 5709527508840413251, guid: f07839b6e513b9c41b354c358336f3f0,
        type: 3}
      propertyPath: m_AnchoredPosition.y
      value: 0
      objectReference: {fileID: 0}
    - target: {fileID: 5709527508840413251, guid: f07839b6e513b9c41b354c358336f3f0,
        type: 3}
      propertyPath: m_SizeDelta.x
      value: 0
      objectReference: {fileID: 0}
    - target: {fileID: 5709527508840413251, guid: f07839b6e513b9c41b354c358336f3f0,
        type: 3}
      propertyPath: m_SizeDelta.y
      value: 0
      objectReference: {fileID: 0}
    - target: {fileID: 5709527508840413251, guid: f07839b6e513b9c41b354c358336f3f0,
        type: 3}
      propertyPath: m_AnchorMin.x
      value: 0
      objectReference: {fileID: 0}
    - target: {fileID: 5709527508840413251, guid: f07839b6e513b9c41b354c358336f3f0,
        type: 3}
      propertyPath: m_AnchorMin.y
      value: 0
      objectReference: {fileID: 0}
    - target: {fileID: 5709527508840413251, guid: f07839b6e513b9c41b354c358336f3f0,
        type: 3}
      propertyPath: m_AnchorMax.x
      value: 0
      objectReference: {fileID: 0}
    - target: {fileID: 5709527508840413251, guid: f07839b6e513b9c41b354c358336f3f0,
        type: 3}
      propertyPath: m_AnchorMax.y
      value: 0
      objectReference: {fileID: 0}
    - target: {fileID: 5709527508840413251, guid: f07839b6e513b9c41b354c358336f3f0,
        type: 3}
      propertyPath: m_Pivot.x
      value: 0.5
      objectReference: {fileID: 0}
    - target: {fileID: 5709527508840413251, guid: f07839b6e513b9c41b354c358336f3f0,
        type: 3}
      propertyPath: m_Pivot.y
      value: 0.5
      objectReference: {fileID: 0}
    - target: {fileID: 8439119561082033318, guid: f07839b6e513b9c41b354c358336f3f0,
        type: 3}
      propertyPath: posicion
      value: 1
      objectReference: {fileID: 0}
    m_RemovedComponents: []
  m_SourcePrefab: {fileID: 100100000, guid: f07839b6e513b9c41b354c358336f3f0, type: 3}
--- !u!224 &5520739660659599027 stripped
RectTransform:
  m_CorrespondingSourceObject: {fileID: 5709527508840413251, guid: f07839b6e513b9c41b354c358336f3f0,
    type: 3}
  m_PrefabInstance: {fileID: 261712889248112368}
  m_PrefabAsset: {fileID: 0}
--- !u!1001 &2264726057886312106
PrefabInstance:
  m_ObjectHideFlags: 0
  serializedVersion: 2
  m_Modification:
    m_TransformParent: {fileID: 1663149456213809374}
    m_Modifications:
    - target: {fileID: 8711899494983421848, guid: f07839b6e513b9c41b354c358336f3f0,
        type: 3}
      propertyPath: m_Name
      value: R4
      objectReference: {fileID: 0}
    - target: {fileID: 5709527508840413251, guid: f07839b6e513b9c41b354c358336f3f0,
        type: 3}
      propertyPath: m_LocalPosition.x
      value: 0
      objectReference: {fileID: 0}
    - target: {fileID: 5709527508840413251, guid: f07839b6e513b9c41b354c358336f3f0,
        type: 3}
      propertyPath: m_LocalPosition.y
      value: 0
      objectReference: {fileID: 0}
    - target: {fileID: 5709527508840413251, guid: f07839b6e513b9c41b354c358336f3f0,
        type: 3}
      propertyPath: m_LocalPosition.z
      value: 0
      objectReference: {fileID: 0}
    - target: {fileID: 5709527508840413251, guid: f07839b6e513b9c41b354c358336f3f0,
        type: 3}
      propertyPath: m_LocalRotation.x
      value: -0
      objectReference: {fileID: 0}
    - target: {fileID: 5709527508840413251, guid: f07839b6e513b9c41b354c358336f3f0,
        type: 3}
      propertyPath: m_LocalRotation.y
      value: -0
      objectReference: {fileID: 0}
    - target: {fileID: 5709527508840413251, guid: f07839b6e513b9c41b354c358336f3f0,
        type: 3}
      propertyPath: m_LocalRotation.z
      value: -0
      objectReference: {fileID: 0}
    - target: {fileID: 5709527508840413251, guid: f07839b6e513b9c41b354c358336f3f0,
        type: 3}
      propertyPath: m_LocalRotation.w
      value: 1
      objectReference: {fileID: 0}
    - target: {fileID: 5709527508840413251, guid: f07839b6e513b9c41b354c358336f3f0,
        type: 3}
      propertyPath: m_RootOrder
      value: 1
      objectReference: {fileID: 0}
    - target: {fileID: 5709527508840413251, guid: f07839b6e513b9c41b354c358336f3f0,
        type: 3}
      propertyPath: m_LocalEulerAnglesHint.x
      value: 0
      objectReference: {fileID: 0}
    - target: {fileID: 5709527508840413251, guid: f07839b6e513b9c41b354c358336f3f0,
        type: 3}
      propertyPath: m_LocalEulerAnglesHint.y
      value: 0
      objectReference: {fileID: 0}
    - target: {fileID: 5709527508840413251, guid: f07839b6e513b9c41b354c358336f3f0,
        type: 3}
      propertyPath: m_LocalEulerAnglesHint.z
      value: 0
      objectReference: {fileID: 0}
    - target: {fileID: 5709527508840413251, guid: f07839b6e513b9c41b354c358336f3f0,
        type: 3}
      propertyPath: m_AnchoredPosition.x
      value: 0
      objectReference: {fileID: 0}
    - target: {fileID: 5709527508840413251, guid: f07839b6e513b9c41b354c358336f3f0,
        type: 3}
      propertyPath: m_AnchoredPosition.y
      value: 0
      objectReference: {fileID: 0}
    - target: {fileID: 5709527508840413251, guid: f07839b6e513b9c41b354c358336f3f0,
        type: 3}
      propertyPath: m_SizeDelta.x
      value: 0
      objectReference: {fileID: 0}
    - target: {fileID: 5709527508840413251, guid: f07839b6e513b9c41b354c358336f3f0,
        type: 3}
      propertyPath: m_SizeDelta.y
      value: 0
      objectReference: {fileID: 0}
    - target: {fileID: 5709527508840413251, guid: f07839b6e513b9c41b354c358336f3f0,
        type: 3}
      propertyPath: m_AnchorMin.x
      value: 0
      objectReference: {fileID: 0}
    - target: {fileID: 5709527508840413251, guid: f07839b6e513b9c41b354c358336f3f0,
        type: 3}
      propertyPath: m_AnchorMin.y
      value: 0
      objectReference: {fileID: 0}
    - target: {fileID: 5709527508840413251, guid: f07839b6e513b9c41b354c358336f3f0,
        type: 3}
      propertyPath: m_AnchorMax.x
      value: 0
      objectReference: {fileID: 0}
    - target: {fileID: 5709527508840413251, guid: f07839b6e513b9c41b354c358336f3f0,
        type: 3}
      propertyPath: m_AnchorMax.y
      value: 0
      objectReference: {fileID: 0}
    - target: {fileID: 5709527508840413251, guid: f07839b6e513b9c41b354c358336f3f0,
        type: 3}
      propertyPath: m_Pivot.x
      value: 0.5
      objectReference: {fileID: 0}
    - target: {fileID: 5709527508840413251, guid: f07839b6e513b9c41b354c358336f3f0,
        type: 3}
      propertyPath: m_Pivot.y
      value: 0.5
      objectReference: {fileID: 0}
    - target: {fileID: 8439119561082033318, guid: f07839b6e513b9c41b354c358336f3f0,
        type: 3}
      propertyPath: posicion
      value: 2
      objectReference: {fileID: 0}
    - target: {fileID: 4890572483215110954, guid: f07839b6e513b9c41b354c358336f3f0,
        type: 3}
      propertyPath: m_Color.r
      value: 0
      objectReference: {fileID: 0}
    - target: {fileID: 4890572483215110954, guid: f07839b6e513b9c41b354c358336f3f0,
        type: 3}
      propertyPath: m_Color.b
      value: 1
      objectReference: {fileID: 0}
    m_RemovedComponents: []
  m_SourcePrefab: {fileID: 100100000, guid: f07839b6e513b9c41b354c358336f3f0, type: 3}
--- !u!224 &5787615203648773865 stripped
RectTransform:
  m_CorrespondingSourceObject: {fileID: 5709527508840413251, guid: f07839b6e513b9c41b354c358336f3f0,
    type: 3}
  m_PrefabInstance: {fileID: 2264726057886312106}
  m_PrefabAsset: {fileID: 0}
--- !u!1001 &6169823726882026710
PrefabInstance:
  m_ObjectHideFlags: 0
  serializedVersion: 2
  m_Modification:
    m_TransformParent: {fileID: 56259183809367226}
    m_Modifications:
    - target: {fileID: 8711899494983421848, guid: f07839b6e513b9c41b354c358336f3f0,
        type: 3}
      propertyPath: m_Name
      value: V4
      objectReference: {fileID: 0}
    - target: {fileID: 5709527508840413251, guid: f07839b6e513b9c41b354c358336f3f0,
        type: 3}
      propertyPath: m_LocalPosition.x
      value: 0
      objectReference: {fileID: 0}
    - target: {fileID: 5709527508840413251, guid: f07839b6e513b9c41b354c358336f3f0,
        type: 3}
      propertyPath: m_LocalPosition.y
      value: 0
      objectReference: {fileID: 0}
    - target: {fileID: 5709527508840413251, guid: f07839b6e513b9c41b354c358336f3f0,
        type: 3}
      propertyPath: m_LocalPosition.z
      value: 0
      objectReference: {fileID: 0}
    - target: {fileID: 5709527508840413251, guid: f07839b6e513b9c41b354c358336f3f0,
        type: 3}
      propertyPath: m_LocalRotation.x
      value: -0
      objectReference: {fileID: 0}
    - target: {fileID: 5709527508840413251, guid: f07839b6e513b9c41b354c358336f3f0,
        type: 3}
      propertyPath: m_LocalRotation.y
      value: -0
      objectReference: {fileID: 0}
    - target: {fileID: 5709527508840413251, guid: f07839b6e513b9c41b354c358336f3f0,
        type: 3}
      propertyPath: m_LocalRotation.z
      value: -0
      objectReference: {fileID: 0}
    - target: {fileID: 5709527508840413251, guid: f07839b6e513b9c41b354c358336f3f0,
        type: 3}
      propertyPath: m_LocalRotation.w
      value: 1
      objectReference: {fileID: 0}
    - target: {fileID: 5709527508840413251, guid: f07839b6e513b9c41b354c358336f3f0,
        type: 3}
      propertyPath: m_RootOrder
      value: 1
      objectReference: {fileID: 0}
    - target: {fileID: 5709527508840413251, guid: f07839b6e513b9c41b354c358336f3f0,
        type: 3}
      propertyPath: m_LocalEulerAnglesHint.x
      value: 0
      objectReference: {fileID: 0}
    - target: {fileID: 5709527508840413251, guid: f07839b6e513b9c41b354c358336f3f0,
        type: 3}
      propertyPath: m_LocalEulerAnglesHint.y
      value: 0
      objectReference: {fileID: 0}
    - target: {fileID: 5709527508840413251, guid: f07839b6e513b9c41b354c358336f3f0,
        type: 3}
      propertyPath: m_LocalEulerAnglesHint.z
      value: 0
      objectReference: {fileID: 0}
    - target: {fileID: 5709527508840413251, guid: f07839b6e513b9c41b354c358336f3f0,
        type: 3}
      propertyPath: m_AnchoredPosition.x
      value: 0
      objectReference: {fileID: 0}
    - target: {fileID: 5709527508840413251, guid: f07839b6e513b9c41b354c358336f3f0,
        type: 3}
      propertyPath: m_AnchoredPosition.y
      value: 0
      objectReference: {fileID: 0}
    - target: {fileID: 5709527508840413251, guid: f07839b6e513b9c41b354c358336f3f0,
        type: 3}
      propertyPath: m_SizeDelta.x
      value: 0
      objectReference: {fileID: 0}
    - target: {fileID: 5709527508840413251, guid: f07839b6e513b9c41b354c358336f3f0,
        type: 3}
      propertyPath: m_SizeDelta.y
      value: 0
      objectReference: {fileID: 0}
    - target: {fileID: 5709527508840413251, guid: f07839b6e513b9c41b354c358336f3f0,
        type: 3}
      propertyPath: m_AnchorMin.x
      value: 0
      objectReference: {fileID: 0}
    - target: {fileID: 5709527508840413251, guid: f07839b6e513b9c41b354c358336f3f0,
        type: 3}
      propertyPath: m_AnchorMin.y
      value: 0
      objectReference: {fileID: 0}
    - target: {fileID: 5709527508840413251, guid: f07839b6e513b9c41b354c358336f3f0,
        type: 3}
      propertyPath: m_AnchorMax.x
      value: 0
      objectReference: {fileID: 0}
    - target: {fileID: 5709527508840413251, guid: f07839b6e513b9c41b354c358336f3f0,
        type: 3}
      propertyPath: m_AnchorMax.y
      value: 0
      objectReference: {fileID: 0}
    - target: {fileID: 5709527508840413251, guid: f07839b6e513b9c41b354c358336f3f0,
        type: 3}
      propertyPath: m_Pivot.x
      value: 0.5
      objectReference: {fileID: 0}
    - target: {fileID: 5709527508840413251, guid: f07839b6e513b9c41b354c358336f3f0,
        type: 3}
      propertyPath: m_Pivot.y
      value: 0.5
      objectReference: {fileID: 0}
    - target: {fileID: 4890572483215110954, guid: f07839b6e513b9c41b354c358336f3f0,
        type: 3}
      propertyPath: m_Color.b
      value: 1
      objectReference: {fileID: 0}
    m_RemovedComponents: []
  m_SourcePrefab: {fileID: 100100000, guid: f07839b6e513b9c41b354c358336f3f0, type: 3}
--- !u!224 &1919603237490822293 stripped
RectTransform:
  m_CorrespondingSourceObject: {fileID: 5709527508840413251, guid: f07839b6e513b9c41b354c358336f3f0,
    type: 3}
  m_PrefabInstance: {fileID: 6169823726882026710}
  m_PrefabAsset: {fileID: 0}
--- !u!1001 &8620202604149012653
PrefabInstance:
  m_ObjectHideFlags: 0
  serializedVersion: 2
  m_Modification:
    m_TransformParent: {fileID: 1663149456213809374}
    m_Modifications:
    - target: {fileID: 8711899494983421848, guid: f07839b6e513b9c41b354c358336f3f0,
        type: 3}
      propertyPath: m_Name
      value: R2
      objectReference: {fileID: 0}
    - target: {fileID: 5709527508840413251, guid: f07839b6e513b9c41b354c358336f3f0,
        type: 3}
      propertyPath: m_LocalPosition.x
      value: 0
      objectReference: {fileID: 0}
    - target: {fileID: 5709527508840413251, guid: f07839b6e513b9c41b354c358336f3f0,
        type: 3}
      propertyPath: m_LocalPosition.y
      value: 0
      objectReference: {fileID: 0}
    - target: {fileID: 5709527508840413251, guid: f07839b6e513b9c41b354c358336f3f0,
        type: 3}
      propertyPath: m_LocalPosition.z
      value: 0
      objectReference: {fileID: 0}
    - target: {fileID: 5709527508840413251, guid: f07839b6e513b9c41b354c358336f3f0,
        type: 3}
      propertyPath: m_LocalRotation.x
      value: -0
      objectReference: {fileID: 0}
    - target: {fileID: 5709527508840413251, guid: f07839b6e513b9c41b354c358336f3f0,
        type: 3}
      propertyPath: m_LocalRotation.y
      value: -0
      objectReference: {fileID: 0}
    - target: {fileID: 5709527508840413251, guid: f07839b6e513b9c41b354c358336f3f0,
        type: 3}
      propertyPath: m_LocalRotation.z
      value: -0
      objectReference: {fileID: 0}
    - target: {fileID: 5709527508840413251, guid: f07839b6e513b9c41b354c358336f3f0,
        type: 3}
      propertyPath: m_LocalRotation.w
      value: 1
      objectReference: {fileID: 0}
    - target: {fileID: 5709527508840413251, guid: f07839b6e513b9c41b354c358336f3f0,
        type: 3}
      propertyPath: m_RootOrder
      value: 0
      objectReference: {fileID: 0}
    - target: {fileID: 5709527508840413251, guid: f07839b6e513b9c41b354c358336f3f0,
        type: 3}
      propertyPath: m_LocalEulerAnglesHint.x
      value: 0
      objectReference: {fileID: 0}
    - target: {fileID: 5709527508840413251, guid: f07839b6e513b9c41b354c358336f3f0,
        type: 3}
      propertyPath: m_LocalEulerAnglesHint.y
      value: 0
      objectReference: {fileID: 0}
    - target: {fileID: 5709527508840413251, guid: f07839b6e513b9c41b354c358336f3f0,
        type: 3}
      propertyPath: m_LocalEulerAnglesHint.z
      value: 0
      objectReference: {fileID: 0}
    - target: {fileID: 5709527508840413251, guid: f07839b6e513b9c41b354c358336f3f0,
        type: 3}
      propertyPath: m_AnchoredPosition.x
      value: 0
      objectReference: {fileID: 0}
    - target: {fileID: 5709527508840413251, guid: f07839b6e513b9c41b354c358336f3f0,
        type: 3}
      propertyPath: m_AnchoredPosition.y
      value: 0
      objectReference: {fileID: 0}
    - target: {fileID: 5709527508840413251, guid: f07839b6e513b9c41b354c358336f3f0,
        type: 3}
      propertyPath: m_SizeDelta.x
      value: 0
      objectReference: {fileID: 0}
    - target: {fileID: 5709527508840413251, guid: f07839b6e513b9c41b354c358336f3f0,
        type: 3}
      propertyPath: m_SizeDelta.y
      value: 0
      objectReference: {fileID: 0}
    - target: {fileID: 5709527508840413251, guid: f07839b6e513b9c41b354c358336f3f0,
        type: 3}
      propertyPath: m_AnchorMin.x
      value: 0
      objectReference: {fileID: 0}
    - target: {fileID: 5709527508840413251, guid: f07839b6e513b9c41b354c358336f3f0,
        type: 3}
      propertyPath: m_AnchorMin.y
      value: 0
      objectReference: {fileID: 0}
    - target: {fileID: 5709527508840413251, guid: f07839b6e513b9c41b354c358336f3f0,
        type: 3}
      propertyPath: m_AnchorMax.x
      value: 0
      objectReference: {fileID: 0}
    - target: {fileID: 5709527508840413251, guid: f07839b6e513b9c41b354c358336f3f0,
        type: 3}
      propertyPath: m_AnchorMax.y
      value: 0
      objectReference: {fileID: 0}
    - target: {fileID: 5709527508840413251, guid: f07839b6e513b9c41b354c358336f3f0,
        type: 3}
      propertyPath: m_Pivot.x
      value: 0.5
      objectReference: {fileID: 0}
    - target: {fileID: 5709527508840413251, guid: f07839b6e513b9c41b354c358336f3f0,
        type: 3}
      propertyPath: m_Pivot.y
      value: 0.5
      objectReference: {fileID: 0}
    - target: {fileID: 8439119561082033318, guid: f07839b6e513b9c41b354c358336f3f0,
        type: 3}
      propertyPath: posicion
      value: 3
      objectReference: {fileID: 0}
    - target: {fileID: 4890572483215110954, guid: f07839b6e513b9c41b354c358336f3f0,
        type: 3}
      propertyPath: m_Color.r
      value: 0
      objectReference: {fileID: 0}
    - target: {fileID: 4890572483215110954, guid: f07839b6e513b9c41b354c358336f3f0,
        type: 3}
      propertyPath: m_Color.b
      value: 1
      objectReference: {fileID: 0}
    m_RemovedComponents: []
  m_SourcePrefab: {fileID: 100100000, guid: f07839b6e513b9c41b354c358336f3f0, type: 3}
--- !u!224 &4079502170279510254 stripped
RectTransform:
  m_CorrespondingSourceObject: {fileID: 5709527508840413251, guid: f07839b6e513b9c41b354c358336f3f0,
    type: 3}
  m_PrefabInstance: {fileID: 8620202604149012653}
  m_PrefabAsset: {fileID: 0}
