%YAML 1.1
%TAG !u! tag:unity3d.com,2011:
--- !u!1 &3278524417474134900
GameObject:
  m_ObjectHideFlags: 0
  m_CorrespondingSourceObject: {fileID: 0}
  m_PrefabInstance: {fileID: 0}
  m_PrefabAsset: {fileID: 0}
  serializedVersion: 6
  m_Component:
  - component: {fileID: 8349047693369233670}
  - component: {fileID: 1948933778380577765}
  - component: {fileID: 117424798620207177}
  m_Layer: 5
  m_Name: Background
  m_TagString: Untagged
  m_Icon: {fileID: 0}
  m_NavMeshLayer: 0
  m_StaticEditorFlags: 0
  m_IsActive: 1
--- !u!224 &8349047693369233670
RectTransform:
  m_ObjectHideFlags: 0
  m_CorrespondingSourceObject: {fileID: 0}
  m_PrefabInstance: {fileID: 0}
  m_PrefabAsset: {fileID: 0}
  m_GameObject: {fileID: 3278524417474134900}
  m_LocalRotation: {x: 0, y: 0, z: 0, w: 1}
  m_LocalPosition: {x: 0, y: 0, z: 0}
  m_LocalScale: {x: 1, y: 1, z: 1}
  m_Children:
  - {fileID: 6019840873185701185}
  - {fileID: 4925156313925810469}
  m_Father: {fileID: 2426056929840604175}
  m_RootOrder: 0
  m_LocalEulerAnglesHint: {x: 0, y: 0, z: 0}
  m_AnchorMin: {x: 0, y: 0}
  m_AnchorMax: {x: 0, y: 0}
  m_AnchoredPosition: {x: 0, y: 0}
  m_SizeDelta: {x: 0, y: 0}
  m_Pivot: {x: 0.5, y: 0.5}
--- !u!222 &1948933778380577765
CanvasRenderer:
  m_ObjectHideFlags: 0
  m_CorrespondingSourceObject: {fileID: 0}
  m_PrefabInstance: {fileID: 0}
  m_PrefabAsset: {fileID: 0}
  m_GameObject: {fileID: 3278524417474134900}
  m_CullTransparentMesh: 0
--- !u!114 &117424798620207177
MonoBehaviour:
  m_ObjectHideFlags: 0
  m_CorrespondingSourceObject: {fileID: 0}
  m_PrefabInstance: {fileID: 0}
  m_PrefabAsset: {fileID: 0}
  m_GameObject: {fileID: 3278524417474134900}
  m_Enabled: 1
  m_EditorHideFlags: 0
  m_Script: {fileID: -765806418, guid: f70555f144d8491a825f0804e09c671c, type: 3}
  m_Name: 
  m_EditorClassIdentifier: 
  m_Material: {fileID: 0}
  m_Color: {r: 1, g: 1, b: 1, a: 1}
  m_RaycastTarget: 1
  m_OnCullStateChanged:
    m_PersistentCalls:
      m_Calls: []
    m_TypeName: UnityEngine.UI.MaskableGraphic+CullStateChangedEvent, UnityEngine.UI,
      Version=1.0.0.0, Culture=neutral, PublicKeyToken=null
  m_Sprite: {fileID: 10907, guid: 0000000000000000f000000000000000, type: 0}
  m_Type: 1
  m_PreserveAspect: 0
  m_FillCenter: 1
  m_FillMethod: 4
  m_FillAmount: 1
  m_FillClockwise: 1
  m_FillOrigin: 0
  m_UseSpriteMesh: 0
--- !u!1 &4448118905428359244
GameObject:
  m_ObjectHideFlags: 0
  m_CorrespondingSourceObject: {fileID: 0}
  m_PrefabInstance: {fileID: 0}
  m_PrefabAsset: {fileID: 0}
  serializedVersion: 6
  m_Component:
  - component: {fileID: 6019840873185701185}
  - component: {fileID: 5413028256848985939}
  - component: {fileID: 4499289074932754008}
  m_Layer: 5
  m_Name: Vanguardia
  m_TagString: Untagged
  m_Icon: {fileID: 0}
  m_NavMeshLayer: 0
  m_StaticEditorFlags: 0
  m_IsActive: 1
--- !u!224 &6019840873185701185
RectTransform:
  m_ObjectHideFlags: 0
  m_CorrespondingSourceObject: {fileID: 0}
  m_PrefabInstance: {fileID: 0}
  m_PrefabAsset: {fileID: 0}
  m_GameObject: {fileID: 4448118905428359244}
  m_LocalRotation: {x: 0, y: 0, z: 0, w: 1}
  m_LocalPosition: {x: 0, y: 0, z: 0}
  m_LocalScale: {x: 1, y: 1, z: 1}
  m_Children:
  - {fileID: 4092426131863700508}
  - {fileID: 285533217463888626}
  - {fileID: 9098457834435350831}
  m_Father: {fileID: 8349047693369233670}
  m_RootOrder: 0
  m_LocalEulerAnglesHint: {x: 0, y: 0, z: 0}
  m_AnchorMin: {x: 0, y: 1}
  m_AnchorMax: {x: 0, y: 1}
  m_AnchoredPosition: {x: 150, y: -95}
  m_SizeDelta: {x: 250, y: 80}
  m_Pivot: {x: 0.5, y: 0.5}
--- !u!222 &5413028256848985939
CanvasRenderer:
  m_ObjectHideFlags: 0
  m_CorrespondingSourceObject: {fileID: 0}
  m_PrefabInstance: {fileID: 0}
  m_PrefabAsset: {fileID: 0}
  m_GameObject: {fileID: 4448118905428359244}
  m_CullTransparentMesh: 0
--- !u!114 &4499289074932754008
MonoBehaviour:
  m_ObjectHideFlags: 0
  m_CorrespondingSourceObject: {fileID: 0}
  m_PrefabInstance: {fileID: 0}
  m_PrefabAsset: {fileID: 0}
  m_GameObject: {fileID: 4448118905428359244}
  m_Enabled: 1
  m_EditorHideFlags: 0
  m_Script: {fileID: -2095666955, guid: f70555f144d8491a825f0804e09c671c, type: 3}
  m_Name: 
  m_EditorClassIdentifier: 
  m_Padding:
    m_Left: 0
    m_Right: 0
    m_Top: 0
    m_Bottom: 0
  m_ChildAlignment: 4
  m_StartCorner: 0
  m_StartAxis: 0
  m_CellSize: {x: 75, y: 75}
  m_Spacing: {x: 15, y: 0}
  m_Constraint: 1
  m_ConstraintCount: 3
--- !u!1 &6311000771556374746
GameObject:
  m_ObjectHideFlags: 0
  m_CorrespondingSourceObject: {fileID: 0}
  m_PrefabInstance: {fileID: 0}
  m_PrefabAsset: {fileID: 0}
  serializedVersion: 6
  m_Component:
  - component: {fileID: 4925156313925810469}
  - component: {fileID: 5161789217656370518}
  - component: {fileID: 7611977257889850653}
  m_Layer: 5
  m_Name: Retaguardia
  m_TagString: Untagged
  m_Icon: {fileID: 0}
  m_NavMeshLayer: 0
  m_StaticEditorFlags: 0
  m_IsActive: 1
--- !u!224 &4925156313925810469
RectTransform:
  m_ObjectHideFlags: 0
  m_CorrespondingSourceObject: {fileID: 0}
  m_PrefabInstance: {fileID: 0}
  m_PrefabAsset: {fileID: 0}
  m_GameObject: {fileID: 6311000771556374746}
  m_LocalRotation: {x: -0, y: -0, z: -0, w: 1}
  m_LocalPosition: {x: 0, y: 0, z: 0}
  m_LocalScale: {x: 1, y: 1, z: 1}
  m_Children:
  - {fileID: 8456816815350270513}
  - {fileID: 6594370932390582239}
  m_Father: {fileID: 8349047693369233670}
  m_RootOrder: 1
  m_LocalEulerAnglesHint: {x: 0, y: 0, z: 0}
  m_AnchorMin: {x: 0, y: 1}
  m_AnchorMax: {x: 0, y: 1}
  m_AnchoredPosition: {x: 150, y: -200}
  m_SizeDelta: {x: 250, y: 80}
  m_Pivot: {x: 0.5, y: 0.5}
--- !u!222 &5161789217656370518
CanvasRenderer:
  m_ObjectHideFlags: 0
  m_CorrespondingSourceObject: {fileID: 0}
  m_PrefabInstance: {fileID: 0}
  m_PrefabAsset: {fileID: 0}
  m_GameObject: {fileID: 6311000771556374746}
  m_CullTransparentMesh: 0
--- !u!114 &7611977257889850653
MonoBehaviour:
  m_ObjectHideFlags: 0
  m_CorrespondingSourceObject: {fileID: 0}
  m_PrefabInstance: {fileID: 0}
  m_PrefabAsset: {fileID: 0}
  m_GameObject: {fileID: 6311000771556374746}
  m_Enabled: 1
  m_EditorHideFlags: 0
  m_Script: {fileID: -2095666955, guid: f70555f144d8491a825f0804e09c671c, type: 3}
  m_Name: 
  m_EditorClassIdentifier: 
  m_Padding:
    m_Left: 0
    m_Right: 0
    m_Top: 0
    m_Bottom: 0
  m_ChildAlignment: 4
  m_StartCorner: 0
  m_StartAxis: 0
  m_CellSize: {x: 75, y: 75}
  m_Spacing: {x: 15, y: 0}
  m_Constraint: 1
  m_ConstraintCount: 3
--- !u!1 &8386576718270628903
GameObject:
  m_ObjectHideFlags: 0
  m_CorrespondingSourceObject: {fileID: 0}
  m_PrefabInstance: {fileID: 0}
  m_PrefabAsset: {fileID: 0}
  serializedVersion: 6
  m_Component:
  - component: {fileID: 2426056929840604175}
  - component: {fileID: 8910184136964824845}
  - component: {fileID: 4976690961464507871}
  - component: {fileID: 20018768808499045}
  m_Layer: 5
  m_Name: 3-2
  m_TagString: Untagged
  m_Icon: {fileID: 0}
  m_NavMeshLayer: 0
  m_StaticEditorFlags: 0
  m_IsActive: 1
--- !u!224 &2426056929840604175
RectTransform:
  m_ObjectHideFlags: 0
  m_CorrespondingSourceObject: {fileID: 0}
  m_PrefabInstance: {fileID: 0}
  m_PrefabAsset: {fileID: 0}
  m_GameObject: {fileID: 8386576718270628903}
  m_LocalRotation: {x: -0, y: -0, z: -0, w: 1}
  m_LocalPosition: {x: 0, y: 0, z: 0}
  m_LocalScale: {x: 1, y: 1, z: 1}
  m_Children:
  - {fileID: 8349047693369233670}
  m_Father: {fileID: 0}
  m_RootOrder: 0
  m_LocalEulerAnglesHint: {x: 0, y: 0, z: 0}
  m_AnchorMin: {x: 0, y: 0}
  m_AnchorMax: {x: 0, y: 0}
  m_AnchoredPosition: {x: 0, y: 0}
  m_SizeDelta: {x: 450, y: 350}
  m_Pivot: {x: 0.5, y: 0.5}
--- !u!222 &8910184136964824845
CanvasRenderer:
  m_ObjectHideFlags: 0
  m_CorrespondingSourceObject: {fileID: 0}
  m_PrefabInstance: {fileID: 0}
  m_PrefabAsset: {fileID: 0}
  m_GameObject: {fileID: 8386576718270628903}
  m_CullTransparentMesh: 0
--- !u!114 &4976690961464507871
MonoBehaviour:
  m_ObjectHideFlags: 0
  m_CorrespondingSourceObject: {fileID: 0}
  m_PrefabInstance: {fileID: 0}
  m_PrefabAsset: {fileID: 0}
  m_GameObject: {fileID: 8386576718270628903}
  m_Enabled: 1
  m_EditorHideFlags: 0
  m_Script: {fileID: -765806418, guid: f70555f144d8491a825f0804e09c671c, type: 3}
  m_Name: 
  m_EditorClassIdentifier: 
  m_Material: {fileID: 0}
  m_Color: {r: 1, g: 1, b: 1, a: 0.392}
  m_RaycastTarget: 1
  m_OnCullStateChanged:
    m_PersistentCalls:
      m_Calls: []
    m_TypeName: UnityEngine.UI.MaskableGraphic+CullStateChangedEvent, UnityEngine.UI,
      Version=1.0.0.0, Culture=neutral, PublicKeyToken=null
  m_Sprite: {fileID: 10907, guid: 0000000000000000f000000000000000, type: 0}
  m_Type: 1
  m_PreserveAspect: 0
  m_FillCenter: 1
  m_FillMethod: 4
  m_FillAmount: 1
  m_FillClockwise: 1
  m_FillOrigin: 0
  m_UseSpriteMesh: 0
--- !u!114 &20018768808499045
MonoBehaviour:
  m_ObjectHideFlags: 0
  m_CorrespondingSourceObject: {fileID: 0}
  m_PrefabInstance: {fileID: 0}
  m_PrefabAsset: {fileID: 0}
  m_GameObject: {fileID: 8386576718270628903}
  m_Enabled: 1
  m_EditorHideFlags: 0
  m_Script: {fileID: -2095666955, guid: f70555f144d8491a825f0804e09c671c, type: 3}
  m_Name: 
  m_EditorClassIdentifier: 
  m_Padding:
    m_Left: 0
    m_Right: 0
    m_Top: 0
    m_Bottom: 0
  m_ChildAlignment: 4
  m_StartCorner: 0
  m_StartAxis: 0
  m_CellSize: {x: 300, y: 300}
  m_Spacing: {x: 10, y: 20}
  m_Constraint: 2
  m_ConstraintCount: 1
--- !u!1001 &1495116360165732252
PrefabInstance:
  m_ObjectHideFlags: 0
  serializedVersion: 2
  m_Modification:
    m_TransformParent: {fileID: 4925156313925810469}
    m_Modifications:
    - target: {fileID: 8711899494983421848, guid: f07839b6e513b9c41b354c358336f3f0,
        type: 3}
      propertyPath: m_Name
      value: R4
      objectReference: {fileID: 0}
    - target: {fileID: 5709527508840413251, guid: f07839b6e513b9c41b354c358336f3f0,
        type: 3}
      propertyPath: m_LocalPosition.x
      value: 0
      objectReference: {fileID: 0}
    - target: {fileID: 5709527508840413251, guid: f07839b6e513b9c41b354c358336f3f0,
        type: 3}
      propertyPath: m_LocalPosition.y
      value: 0
      objectReference: {fileID: 0}
    - target: {fileID: 5709527508840413251, guid: f07839b6e513b9c41b354c358336f3f0,
        type: 3}
      propertyPath: m_LocalPosition.z
      value: 0
      objectReference: {fileID: 0}
    - target: {fileID: 5709527508840413251, guid: f07839b6e513b9c41b354c358336f3f0,
        type: 3}
      propertyPath: m_LocalRotation.x
      value: -0
      objectReference: {fileID: 0}
    - target: {fileID: 5709527508840413251, guid: f07839b6e513b9c41b354c358336f3f0,
        type: 3}
      propertyPath: m_LocalRotation.y
      value: -0
      objectReference: {fileID: 0}
    - target: {fileID: 5709527508840413251, guid: f07839b6e513b9c41b354c358336f3f0,
        type: 3}
      propertyPath: m_LocalRotation.z
      value: -0
      objectReference: {fileID: 0}
    - target: {fileID: 5709527508840413251, guid: f07839b6e513b9c41b354c358336f3f0,
        type: 3}
      propertyPath: m_LocalRotation.w
      value: 1
      objectReference: {fileID: 0}
    - target: {fileID: 5709527508840413251, guid: f07839b6e513b9c41b354c358336f3f0,
        type: 3}
      propertyPath: m_RootOrder
      value: 1
      objectReference: {fileID: 0}
    - target: {fileID: 5709527508840413251, guid: f07839b6e513b9c41b354c358336f3f0,
        type: 3}
      propertyPath: m_LocalEulerAnglesHint.x
      value: 0
      objectReference: {fileID: 0}
    - target: {fileID: 5709527508840413251, guid: f07839b6e513b9c41b354c358336f3f0,
        type: 3}
      propertyPath: m_LocalEulerAnglesHint.y
      value: 0
      objectReference: {fileID: 0}
    - target: {fileID: 5709527508840413251, guid: f07839b6e513b9c41b354c358336f3f0,
        type: 3}
      propertyPath: m_LocalEulerAnglesHint.z
      value: 0
      objectReference: {fileID: 0}
    - target: {fileID: 5709527508840413251, guid: f07839b6e513b9c41b354c358336f3f0,
        type: 3}
      propertyPath: m_AnchoredPosition.x
      value: 0
      objectReference: {fileID: 0}
    - target: {fileID: 5709527508840413251, guid: f07839b6e513b9c41b354c358336f3f0,
        type: 3}
      propertyPath: m_AnchoredPosition.y
      value: 0
      objectReference: {fileID: 0}
    - target: {fileID: 5709527508840413251, guid: f07839b6e513b9c41b354c358336f3f0,
        type: 3}
      propertyPath: m_SizeDelta.x
      value: 0
      objectReference: {fileID: 0}
    - target: {fileID: 5709527508840413251, guid: f07839b6e513b9c41b354c358336f3f0,
        type: 3}
      propertyPath: m_SizeDelta.y
      value: 0
      objectReference: {fileID: 0}
    - target: {fileID: 5709527508840413251, guid: f07839b6e513b9c41b354c358336f3f0,
        type: 3}
      propertyPath: m_AnchorMin.x
      value: 0
      objectReference: {fileID: 0}
    - target: {fileID: 5709527508840413251, guid: f07839b6e513b9c41b354c358336f3f0,
        type: 3}
      propertyPath: m_AnchorMin.y
      value: 0
      objectReference: {fileID: 0}
    - target: {fileID: 5709527508840413251, guid: f07839b6e513b9c41b354c358336f3f0,
        type: 3}
      propertyPath: m_AnchorMax.x
      value: 0
      objectReference: {fileID: 0}
    - target: {fileID: 5709527508840413251, guid: f07839b6e513b9c41b354c358336f3f0,
        type: 3}
      propertyPath: m_AnchorMax.y
      value: 0
      objectReference: {fileID: 0}
    - target: {fileID: 5709527508840413251, guid: f07839b6e513b9c41b354c358336f3f0,
        type: 3}
      propertyPath: m_Pivot.x
      value: 0.5
      objectReference: {fileID: 0}
    - target: {fileID: 5709527508840413251, guid: f07839b6e513b9c41b354c358336f3f0,
        type: 3}
      propertyPath: m_Pivot.y
      value: 0.5
      objectReference: {fileID: 0}
    - target: {fileID: 8439119561082033318, guid: f07839b6e513b9c41b354c358336f3f0,
        type: 3}
      propertyPath: posicion
      value: 3
      objectReference: {fileID: 0}
    - target: {fileID: 4890572483215110954, guid: f07839b6e513b9c41b354c358336f3f0,
        type: 3}
      propertyPath: m_Color.r
      value: 0
      objectReference: {fileID: 0}
    - target: {fileID: 4890572483215110954, guid: f07839b6e513b9c41b354c358336f3f0,
        type: 3}
      propertyPath: m_Color.b
      value: 1
      objectReference: {fileID: 0}
    m_RemovedComponents: []
  m_SourcePrefab: {fileID: 100100000, guid: f07839b6e513b9c41b354c358336f3f0, type: 3}
--- !u!224 &6594370932390582239 stripped
RectTransform:
  m_CorrespondingSourceObject: {fileID: 5709527508840413251, guid: f07839b6e513b9c41b354c358336f3f0,
    type: 3}
  m_PrefabInstance: {fileID: 1495116360165732252}
  m_PrefabAsset: {fileID: 0}
--- !u!1001 &3564711483128637804
PrefabInstance:
  m_ObjectHideFlags: 0
  serializedVersion: 2
  m_Modification:
    m_TransformParent: {fileID: 6019840873185701185}
    m_Modifications:
    - target: {fileID: 8711899494983421848, guid: f07839b6e513b9c41b354c358336f3f0,
        type: 3}
      propertyPath: m_Name
      value: V4
      objectReference: {fileID: 0}
    - target: {fileID: 5709527508840413251, guid: f07839b6e513b9c41b354c358336f3f0,
        type: 3}
      propertyPath: m_LocalPosition.x
      value: 0
      objectReference: {fileID: 0}
    - target: {fileID: 5709527508840413251, guid: f07839b6e513b9c41b354c358336f3f0,
        type: 3}
      propertyPath: m_LocalPosition.y
      value: 0
      objectReference: {fileID: 0}
    - target: {fileID: 5709527508840413251, guid: f07839b6e513b9c41b354c358336f3f0,
        type: 3}
      propertyPath: m_LocalPosition.z
      value: 0
      objectReference: {fileID: 0}
    - target: {fileID: 5709527508840413251, guid: f07839b6e513b9c41b354c358336f3f0,
        type: 3}
      propertyPath: m_LocalRotation.x
      value: -0
      objectReference: {fileID: 0}
    - target: {fileID: 5709527508840413251, guid: f07839b6e513b9c41b354c358336f3f0,
        type: 3}
      propertyPath: m_LocalRotation.y
      value: -0
      objectReference: {fileID: 0}
    - target: {fileID: 5709527508840413251, guid: f07839b6e513b9c41b354c358336f3f0,
        type: 3}
      propertyPath: m_LocalRotation.z
      value: -0
      objectReference: {fileID: 0}
    - target: {fileID: 5709527508840413251, guid: f07839b6e513b9c41b354c358336f3f0,
        type: 3}
      propertyPath: m_LocalRotation.w
      value: 1
      objectReference: {fileID: 0}
    - target: {fileID: 5709527508840413251, guid: f07839b6e513b9c41b354c358336f3f0,
        type: 3}
      propertyPath: m_RootOrder
      value: 2
      objectReference: {fileID: 0}
    - target: {fileID: 5709527508840413251, guid: f07839b6e513b9c41b354c358336f3f0,
        type: 3}
      propertyPath: m_LocalEulerAnglesHint.x
      value: 0
      objectReference: {fileID: 0}
    - target: {fileID: 5709527508840413251, guid: f07839b6e513b9c41b354c358336f3f0,
        type: 3}
      propertyPath: m_LocalEulerAnglesHint.y
      value: 0
      objectReference: {fileID: 0}
    - target: {fileID: 5709527508840413251, guid: f07839b6e513b9c41b354c358336f3f0,
        type: 3}
      propertyPath: m_LocalEulerAnglesHint.z
      value: 0
      objectReference: {fileID: 0}
    - target: {fileID: 5709527508840413251, guid: f07839b6e513b9c41b354c358336f3f0,
        type: 3}
      propertyPath: m_AnchoredPosition.x
      value: 0
      objectReference: {fileID: 0}
    - target: {fileID: 5709527508840413251, guid: f07839b6e513b9c41b354c358336f3f0,
        type: 3}
      propertyPath: m_AnchoredPosition.y
      value: 0
      objectReference: {fileID: 0}
    - target: {fileID: 5709527508840413251, guid: f07839b6e513b9c41b354c358336f3f0,
        type: 3}
      propertyPath: m_SizeDelta.x
      value: 0
      objectReference: {fileID: 0}
    - target: {fileID: 5709527508840413251, guid: f07839b6e513b9c41b354c358336f3f0,
        type: 3}
      propertyPath: m_SizeDelta.y
      value: 0
      objectReference: {fileID: 0}
    - target: {fileID: 5709527508840413251, guid: f07839b6e513b9c41b354c358336f3f0,
        type: 3}
      propertyPath: m_AnchorMin.x
      value: 0
      objectReference: {fileID: 0}
    - target: {fileID: 5709527508840413251, guid: f07839b6e513b9c41b354c358336f3f0,
        type: 3}
      propertyPath: m_AnchorMin.y
      value: 0
      objectReference: {fileID: 0}
    - target: {fileID: 5709527508840413251, guid: f07839b6e513b9c41b354c358336f3f0,
        type: 3}
      propertyPath: m_AnchorMax.x
      value: 0
      objectReference: {fileID: 0}
    - target: {fileID: 5709527508840413251, guid: f07839b6e513b9c41b354c358336f3f0,
        type: 3}
      propertyPath: m_AnchorMax.y
      value: 0
      objectReference: {fileID: 0}
    - target: {fileID: 5709527508840413251, guid: f07839b6e513b9c41b354c358336f3f0,
        type: 3}
      propertyPath: m_Pivot.x
      value: 0.5
      objectReference: {fileID: 0}
    - target: {fileID: 5709527508840413251, guid: f07839b6e513b9c41b354c358336f3f0,
        type: 3}
      propertyPath: m_Pivot.y
      value: 0.5
      objectReference: {fileID: 0}
    - target: {fileID: 8439119561082033318, guid: f07839b6e513b9c41b354c358336f3f0,
        type: 3}
      propertyPath: posicion
      value: 1
      objectReference: {fileID: 0}
    m_RemovedComponents: []
  m_SourcePrefab: {fileID: 100100000, guid: f07839b6e513b9c41b354c358336f3f0, type: 3}
--- !u!224 &9098457834435350831 stripped
RectTransform:
  m_CorrespondingSourceObject: {fileID: 5709527508840413251, guid: f07839b6e513b9c41b354c358336f3f0,
    type: 3}
  m_PrefabInstance: {fileID: 3564711483128637804}
  m_PrefabAsset: {fileID: 0}
--- !u!1001 &4206633711703175794
PrefabInstance:
  m_ObjectHideFlags: 0
  serializedVersion: 2
  m_Modification:
    m_TransformParent: {fileID: 4925156313925810469}
    m_Modifications:
    - target: {fileID: 8711899494983421848, guid: f07839b6e513b9c41b354c358336f3f0,
        type: 3}
      propertyPath: m_Name
      value: R2
      objectReference: {fileID: 0}
    - target: {fileID: 5709527508840413251, guid: f07839b6e513b9c41b354c358336f3f0,
        type: 3}
      propertyPath: m_LocalPosition.x
      value: 0
      objectReference: {fileID: 0}
    - target: {fileID: 5709527508840413251, guid: f07839b6e513b9c41b354c358336f3f0,
        type: 3}
      propertyPath: m_LocalPosition.y
      value: 0
      objectReference: {fileID: 0}
    - target: {fileID: 5709527508840413251, guid: f07839b6e513b9c41b354c358336f3f0,
        type: 3}
      propertyPath: m_LocalPosition.z
      value: 0
      objectReference: {fileID: 0}
    - target: {fileID: 5709527508840413251, guid: f07839b6e513b9c41b354c358336f3f0,
        type: 3}
      propertyPath: m_LocalRotation.x
      value: -0
      objectReference: {fileID: 0}
    - target: {fileID: 5709527508840413251, guid: f07839b6e513b9c41b354c358336f3f0,
        type: 3}
      propertyPath: m_LocalRotation.y
      value: -0
      objectReference: {fileID: 0}
    - target: {fileID: 5709527508840413251, guid: f07839b6e513b9c41b354c358336f3f0,
        type: 3}
      propertyPath: m_LocalRotation.z
      value: -0
      objectReference: {fileID: 0}
    - target: {fileID: 5709527508840413251, guid: f07839b6e513b9c41b354c358336f3f0,
        type: 3}
      propertyPath: m_LocalRotation.w
      value: 1
      objectReference: {fileID: 0}
    - target: {fileID: 5709527508840413251, guid: f07839b6e513b9c41b354c358336f3f0,
        type: 3}
      propertyPath: m_RootOrder
      value: 0
      objectReference: {fileID: 0}
    - target: {fileID: 5709527508840413251, guid: f07839b6e513b9c41b354c358336f3f0,
        type: 3}
      propertyPath: m_LocalEulerAnglesHint.x
      value: 0
      objectReference: {fileID: 0}
    - target: {fileID: 5709527508840413251, guid: f07839b6e513b9c41b354c358336f3f0,
        type: 3}
      propertyPath: m_LocalEulerAnglesHint.y
      value: 0
      objectReference: {fileID: 0}
    - target: {fileID: 5709527508840413251, guid: f07839b6e513b9c41b354c358336f3f0,
        type: 3}
      propertyPath: m_LocalEulerAnglesHint.z
      value: 0
      objectReference: {fileID: 0}
    - target: {fileID: 5709527508840413251, guid: f07839b6e513b9c41b354c358336f3f0,
        type: 3}
      propertyPath: m_AnchoredPosition.x
      value: 0
      objectReference: {fileID: 0}
    - target: {fileID: 5709527508840413251, guid: f07839b6e513b9c41b354c358336f3f0,
        type: 3}
      propertyPath: m_AnchoredPosition.y
      value: 0
      objectReference: {fileID: 0}
    - target: {fileID: 5709527508840413251, guid: f07839b6e513b9c41b354c358336f3f0,
        type: 3}
      propertyPath: m_SizeDelta.x
      value: 0
      objectReference: {fileID: 0}
    - target: {fileID: 5709527508840413251, guid: f07839b6e513b9c41b354c358336f3f0,
        type: 3}
      propertyPath: m_SizeDelta.y
      value: 0
      objectReference: {fileID: 0}
    - target: {fileID: 5709527508840413251, guid: f07839b6e513b9c41b354c358336f3f0,
        type: 3}
      propertyPath: m_AnchorMin.x
      value: 0
      objectReference: {fileID: 0}
    - target: {fileID: 5709527508840413251, guid: f07839b6e513b9c41b354c358336f3f0,
        type: 3}
      propertyPath: m_AnchorMin.y
      value: 0
      objectReference: {fileID: 0}
    - target: {fileID: 5709527508840413251, guid: f07839b6e513b9c41b354c358336f3f0,
        type: 3}
      propertyPath: m_AnchorMax.x
      value: 0
      objectReference: {fileID: 0}
    - target: {fileID: 5709527508840413251, guid: f07839b6e513b9c41b354c358336f3f0,
        type: 3}
      propertyPath: m_AnchorMax.y
      value: 0
      objectReference: {fileID: 0}
    - target: {fileID: 5709527508840413251, guid: f07839b6e513b9c41b354c358336f3f0,
        type: 3}
      propertyPath: m_Pivot.x
      value: 0.5
      objectReference: {fileID: 0}
    - target: {fileID: 5709527508840413251, guid: f07839b6e513b9c41b354c358336f3f0,
        type: 3}
      propertyPath: m_Pivot.y
      value: 0.5
      objectReference: {fileID: 0}
    - target: {fileID: 8439119561082033318, guid: f07839b6e513b9c41b354c358336f3f0,
        type: 3}
      propertyPath: posicion
      value: 4
      objectReference: {fileID: 0}
    - target: {fileID: 4890572483215110954, guid: f07839b6e513b9c41b354c358336f3f0,
        type: 3}
      propertyPath: m_Color.r
      value: 0
      objectReference: {fileID: 0}
    - target: {fileID: 4890572483215110954, guid: f07839b6e513b9c41b354c358336f3f0,
        type: 3}
      propertyPath: m_Color.b
      value: 1
      objectReference: {fileID: 0}
    m_RemovedComponents: []
  m_SourcePrefab: {fileID: 100100000, guid: f07839b6e513b9c41b354c358336f3f0, type: 3}
--- !u!224 &8456816815350270513 stripped
RectTransform:
  m_CorrespondingSourceObject: {fileID: 5709527508840413251, guid: f07839b6e513b9c41b354c358336f3f0,
    type: 3}
  m_PrefabInstance: {fileID: 4206633711703175794}
  m_PrefabAsset: {fileID: 0}
--- !u!1001 &5533301020349862577
PrefabInstance:
  m_ObjectHideFlags: 0
  serializedVersion: 2
  m_Modification:
    m_TransformParent: {fileID: 6019840873185701185}
    m_Modifications:
    - target: {fileID: 8711899494983421848, guid: f07839b6e513b9c41b354c358336f3f0,
        type: 3}
      propertyPath: m_Name
      value: V3
      objectReference: {fileID: 0}
    - target: {fileID: 5709527508840413251, guid: f07839b6e513b9c41b354c358336f3f0,
        type: 3}
      propertyPath: m_LocalPosition.x
      value: 0
      objectReference: {fileID: 0}
    - target: {fileID: 5709527508840413251, guid: f07839b6e513b9c41b354c358336f3f0,
        type: 3}
      propertyPath: m_LocalPosition.y
      value: 0
      objectReference: {fileID: 0}
    - target: {fileID: 5709527508840413251, guid: f07839b6e513b9c41b354c358336f3f0,
        type: 3}
      propertyPath: m_LocalPosition.z
      value: 0
      objectReference: {fileID: 0}
    - target: {fileID: 5709527508840413251, guid: f07839b6e513b9c41b354c358336f3f0,
        type: 3}
      propertyPath: m_LocalRotation.x
      value: -0
      objectReference: {fileID: 0}
    - target: {fileID: 5709527508840413251, guid: f07839b6e513b9c41b354c358336f3f0,
        type: 3}
      propertyPath: m_LocalRotation.y
      value: -0
      objectReference: {fileID: 0}
    - target: {fileID: 5709527508840413251, guid: f07839b6e513b9c41b354c358336f3f0,
        type: 3}
      propertyPath: m_LocalRotation.z
      value: -0
      objectReference: {fileID: 0}
    - target: {fileID: 5709527508840413251, guid: f07839b6e513b9c41b354c358336f3f0,
        type: 3}
      propertyPath: m_LocalRotation.w
      value: 1
      objectReference: {fileID: 0}
    - target: {fileID: 5709527508840413251, guid: f07839b6e513b9c41b354c358336f3f0,
        type: 3}
      propertyPath: m_RootOrder
      value: 1
      objectReference: {fileID: 0}
    - target: {fileID: 5709527508840413251, guid: f07839b6e513b9c41b354c358336f3f0,
        type: 3}
      propertyPath: m_LocalEulerAnglesHint.x
      value: 0
      objectReference: {fileID: 0}
    - target: {fileID: 5709527508840413251, guid: f07839b6e513b9c41b354c358336f3f0,
        type: 3}
      propertyPath: m_LocalEulerAnglesHint.y
      value: 0
      objectReference: {fileID: 0}
    - target: {fileID: 5709527508840413251, guid: f07839b6e513b9c41b354c358336f3f0,
        type: 3}
      propertyPath: m_LocalEulerAnglesHint.z
      value: 0
      objectReference: {fileID: 0}
    - target: {fileID: 5709527508840413251, guid: f07839b6e513b9c41b354c358336f3f0,
        type: 3}
      propertyPath: m_AnchoredPosition.x
      value: 0
      objectReference: {fileID: 0}
    - target: {fileID: 5709527508840413251, guid: f07839b6e513b9c41b354c358336f3f0,
        type: 3}
      propertyPath: m_AnchoredPosition.y
      value: 0
      objectReference: {fileID: 0}
    - target: {fileID: 5709527508840413251, guid: f07839b6e513b9c41b354c358336f3f0,
        type: 3}
      propertyPath: m_SizeDelta.x
      value: 0
      objectReference: {fileID: 0}
    - target: {fileID: 5709527508840413251, guid: f07839b6e513b9c41b354c358336f3f0,
        type: 3}
      propertyPath: m_SizeDelta.y
      value: 0
      objectReference: {fileID: 0}
    - target: {fileID: 5709527508840413251, guid: f07839b6e513b9c41b354c358336f3f0,
        type: 3}
      propertyPath: m_AnchorMin.x
      value: 0
      objectReference: {fileID: 0}
    - target: {fileID: 5709527508840413251, guid: f07839b6e513b9c41b354c358336f3f0,
        type: 3}
      propertyPath: m_AnchorMin.y
      value: 0
      objectReference: {fileID: 0}
    - target: {fileID: 5709527508840413251, guid: f07839b6e513b9c41b354c358336f3f0,
        type: 3}
      propertyPath: m_AnchorMax.x
      value: 0
      objectReference: {fileID: 0}
    - target: {fileID: 5709527508840413251, guid: f07839b6e513b9c41b354c358336f3f0,
        type: 3}
      propertyPath: m_AnchorMax.y
      value: 0
      objectReference: {fileID: 0}
    - target: {fileID: 5709527508840413251, guid: f07839b6e513b9c41b354c358336f3f0,
        type: 3}
      propertyPath: m_Pivot.x
      value: 0.5
      objectReference: {fileID: 0}
    - target: {fileID: 5709527508840413251, guid: f07839b6e513b9c41b354c358336f3f0,
        type: 3}
      propertyPath: m_Pivot.y
      value: 0.5
      objectReference: {fileID: 0}
    - target: {fileID: 4890572483215110954, guid: f07839b6e513b9c41b354c358336f3f0,
        type: 3}
      propertyPath: m_Color.b
      value: 1
      objectReference: {fileID: 0}
    m_RemovedComponents: []
  m_SourcePrefab: {fileID: 100100000, guid: f07839b6e513b9c41b354c358336f3f0, type: 3}
--- !u!224 &285533217463888626 stripped
RectTransform:
  m_CorrespondingSourceObject: {fileID: 5709527508840413251, guid: f07839b6e513b9c41b354c358336f3f0,
    type: 3}
  m_PrefabInstance: {fileID: 5533301020349862577}
  m_PrefabAsset: {fileID: 0}
--- !u!1001 &8644491150818016351
PrefabInstance:
  m_ObjectHideFlags: 0
  serializedVersion: 2
  m_Modification:
    m_TransformParent: {fileID: 6019840873185701185}
    m_Modifications:
    - target: {fileID: 8711899494983421848, guid: f07839b6e513b9c41b354c358336f3f0,
        type: 3}
      propertyPath: m_Name
      value: V2
      objectReference: {fileID: 0}
    - target: {fileID: 5709527508840413251, guid: f07839b6e513b9c41b354c358336f3f0,
        type: 3}
      propertyPath: m_LocalPosition.x
      value: 0
      objectReference: {fileID: 0}
    - target: {fileID: 5709527508840413251, guid: f07839b6e513b9c41b354c358336f3f0,
        type: 3}
      propertyPath: m_LocalPosition.y
      value: 0
      objectReference: {fileID: 0}
    - target: {fileID: 5709527508840413251, guid: f07839b6e513b9c41b354c358336f3f0,
        type: 3}
      propertyPath: m_LocalPosition.z
      value: 0
      objectReference: {fileID: 0}
    - target: {fileID: 5709527508840413251, guid: f07839b6e513b9c41b354c358336f3f0,
        type: 3}
      propertyPath: m_LocalRotation.x
      value: -0
      objectReference: {fileID: 0}
    - target: {fileID: 5709527508840413251, guid: f07839b6e513b9c41b354c358336f3f0,
        type: 3}
      propertyPath: m_LocalRotation.y
      value: -0
      objectReference: {fileID: 0}
    - target: {fileID: 5709527508840413251, guid: f07839b6e513b9c41b354c358336f3f0,
        type: 3}
      propertyPath: m_LocalRotation.z
      value: -0
      objectReference: {fileID: 0}
    - target: {fileID: 5709527508840413251, guid: f07839b6e513b9c41b354c358336f3f0,
        type: 3}
      propertyPath: m_LocalRotation.w
      value: 1
      objectReference: {fileID: 0}
    - target: {fileID: 5709527508840413251, guid: f07839b6e513b9c41b354c358336f3f0,
        type: 3}
      propertyPath: m_RootOrder
      value: 0
      objectReference: {fileID: 0}
    - target: {fileID: 5709527508840413251, guid: f07839b6e513b9c41b354c358336f3f0,
        type: 3}
      propertyPath: m_LocalEulerAnglesHint.x
      value: 0
      objectReference: {fileID: 0}
    - target: {fileID: 5709527508840413251, guid: f07839b6e513b9c41b354c358336f3f0,
        type: 3}
      propertyPath: m_LocalEulerAnglesHint.y
      value: 0
      objectReference: {fileID: 0}
    - target: {fileID: 5709527508840413251, guid: f07839b6e513b9c41b354c358336f3f0,
        type: 3}
      propertyPath: m_LocalEulerAnglesHint.z
      value: 0
      objectReference: {fileID: 0}
    - target: {fileID: 5709527508840413251, guid: f07839b6e513b9c41b354c358336f3f0,
        type: 3}
      propertyPath: m_AnchoredPosition.x
      value: 0
      objectReference: {fileID: 0}
    - target: {fileID: 5709527508840413251, guid: f07839b6e513b9c41b354c358336f3f0,
        type: 3}
      propertyPath: m_AnchoredPosition.y
      value: 0
      objectReference: {fileID: 0}
    - target: {fileID: 5709527508840413251, guid: f07839b6e513b9c41b354c358336f3f0,
        type: 3}
      propertyPath: m_SizeDelta.x
      value: 0
      objectReference: {fileID: 0}
    - target: {fileID: 5709527508840413251, guid: f07839b6e513b9c41b354c358336f3f0,
        type: 3}
      propertyPath: m_SizeDelta.y
      value: 0
      objectReference: {fileID: 0}
    - target: {fileID: 5709527508840413251, guid: f07839b6e513b9c41b354c358336f3f0,
        type: 3}
      propertyPath: m_AnchorMin.x
      value: 0
      objectReference: {fileID: 0}
    - target: {fileID: 5709527508840413251, guid: f07839b6e513b9c41b354c358336f3f0,
        type: 3}
      propertyPath: m_AnchorMin.y
      value: 0
      objectReference: {fileID: 0}
    - target: {fileID: 5709527508840413251, guid: f07839b6e513b9c41b354c358336f3f0,
        type: 3}
      propertyPath: m_AnchorMax.x
      value: 0
      objectReference: {fileID: 0}
    - target: {fileID: 5709527508840413251, guid: f07839b6e513b9c41b354c358336f3f0,
        type: 3}
      propertyPath: m_AnchorMax.y
      value: 0
      objectReference: {fileID: 0}
    - target: {fileID: 5709527508840413251, guid: f07839b6e513b9c41b354c358336f3f0,
        type: 3}
      propertyPath: m_Pivot.x
      value: 0.5
      objectReference: {fileID: 0}
    - target: {fileID: 5709527508840413251, guid: f07839b6e513b9c41b354c358336f3f0,
        type: 3}
      propertyPath: m_Pivot.y
      value: 0.5
      objectReference: {fileID: 0}
    - target: {fileID: 8439119561082033318, guid: f07839b6e513b9c41b354c358336f3f0,
        type: 3}
      propertyPath: posicion
      value: 2
      objectReference: {fileID: 0}
    m_RemovedComponents: []
  m_SourcePrefab: {fileID: 100100000, guid: f07839b6e513b9c41b354c358336f3f0, type: 3}
--- !u!224 &4092426131863700508 stripped
RectTransform:
  m_CorrespondingSourceObject: {fileID: 5709527508840413251, guid: f07839b6e513b9c41b354c358336f3f0,
    type: 3}
  m_PrefabInstance: {fileID: 8644491150818016351}
  m_PrefabAsset: {fileID: 0}
